<?xml version="1.0" encoding="UTF-8"?><collection xmlns="http://www.loc.gov/MARC21/slim"><record><leader>00560nam--2200181-u-4500</leader><controlfield tag="001">000056912</controlfield><controlfield tag="002">20200911</controlfield><controlfield tag="005">20200911055012</controlfield><controlfield tag="008">200911s1000------------r-----000-0-eng-d</controlfield><datafield ind1=" " ind2=" " tag="040"><subfield code="a">IFIN-HH</subfield></datafield><datafield ind1="1" ind2=" " tag="100"><subfield code="a">Garlea, Ion</subfield></datafield><datafield ind1="1" ind2="0" tag="245"><subfield code="a">Planning of VVR-S Research Reactors Decommissioning</subfield><subfield code="c">Ion Garlea; Cristina Garlea; Constantin Kelerman; Doru Mocioiu</subfield></datafield><datafield ind1=" " ind2=" " tag="260"><subfield code="a">Bucuresti</subfield><subfield code="b">Editura Academiei Romane</subfield><subfield code="c">2011</subfield></datafield><datafield ind1=" " ind2=" " tag="300"><subfield code="a">343 p</subfield></datafield><datafield ind1=" " ind2=" " tag="500"><subfield code="a">Donatie acad. Nicolae Victor Zamfir</subfield></datafield><datafield ind1="1" ind2=" " tag="700"><subfield code="a">Mocioiu, Doru</subfield></datafield><datafield ind1=" " ind2=" " tag="852"><subfield code="a">82847</subfield><subfield code="c">NVZ</subfield></datafield><datafield ind1=" " ind2=" " tag="CAT"><subfield code="a">SYS</subfield><subfield code="c">20200911</subfield><subfield code="h">055012</subfield></datafield></record></collection>